@ONLINE {
  haner2016,
  Author = {Thomas H\"{a}ner and Martin Roetteler and Krysta M. Svore},
  Title = {\href{https://arxiv.org/abs/1611.07995}{Factoring using 2n+2 qubits with Toffoli based modular multiplication}},
  Year = {2016},
  Eprint = {1611.07995},
  Eprinttype = {arXiv},
}


@ONLINE{
  victor2013,
  Author = {Brett Victor},
  Title = {Media for Thinking the Unthinkable},
  Year = {2013},
  Url = {http://worrydream.com/MediaForThinkingTheUnthinkable/},
  howpublished = "\url{http://worrydream.com/MediaForThinkingTheUnthinkable/}",
}

@ONLINE{
  draper2000,
  Author = {Thomas G. Draper},
  Title = {\href{https://arxiv.org/abs/quant-ph/0008033}{Addition on a Quantum Computer}},
  Year = {2000},
  Eprint = {quant-ph/0008033},
  Eprinttype = {arXiv},
}

@online{projq2016,
  Author = {Damian S. Steiger and Thomas H\"{a}ner and Matthias Troyer},
  Title = {\href{https://arxiv.org/abs/1612.08091}{ProjectQ: An Open Source Software Framework for Quantum Computing}},
  Year = {2016},
  Eprint = {1612.08091},
  Eprinttype = {arXiv},
}

@online{quirk2016,
  Author = {Craig Gidney},
  Title = {Quirk: A drag-and-drop quantum circuit simulator for exploring small quantum circuits},
  Year = {2016},
  howpublished = "\url{https://github.com/Strilanc/Quirk}",
}

@ARTICLE{
  van2004,
  Author = {Yvan Van Rentergem and Alexis De Vos},
  Title = {\href{https://arxiv.org/abs/quant-ph/0006004}{Optimal Design of A Reversible Full Adder}},
  Year = {2004},
  Journal = {Int. Journ. of Unconventional Computing},
  Volume = "1",
  Pages = "339-355",
}

@ONLINE{
  cleve2000,
  Author = {Richard Cleve and John Watrous},
  Title = {\href{https://arxiv.org/abs/quant-ph/0006004}{Fast parallel circuits for the quantum Fourier transform}},
  Year = {2000},
  Eprint = {quant-ph/0006004},
  Eprinttype = {arXiv},
}

@article{
  barenco1996,
  Author = {Adriano Barenco and Artur Ekert and Kalle-Antti Suominen and P\"{a}ivi T\"{o}rm\"{a}},
  Title = {\href{http://journals.aps.org/pra/abstract/10.1103/PhysRevA.54.139}{Approximate Quantum Fourier Transform and Decoherence}},
  Year = {1996},
  Eprint = {arXiv:quant-ph/9601018},
  Doi = {10.1103/PhysRevA.54.139},
}

@article{
  takahashi2006,
  Author = {Yasuhiro Takahashi and Noboru Kunihiro},
  Title = {\href{http://dl.acm.org/citation.cfm?id=2011669}{A quantum circuit for Shor's factoring algorithm using 2n+2 qubits}},
  Year = {2006},
  Journal = {Quantum Information \& Computation},
  Volume = "6(2)",
  Pages = "184-192",
}

@ONLINE{
  cuccaro2004,
  Author = {Steven A. Cuccaro and Thomas G. Draper and Samuel A. Kutin and David Petrie Moulton},
  Title = {\href{https://arxiv.org/abs/quant-ph/0410184}{A new quantum ripple-carry addition circuit}},
  Year = {2004},
  Eprint = {quant-ph/0410184},
  Eprinttype = {arXiv},
}

@article{
  beauregard2003,
  Author= {Stephane Beauregard},
  Title = {\href{https://arxiv.org/abs/quant-ph/0205095}{Circuit for Shor's algorithm using 2n+3 qubits}},
  Year = {2003},
  Eprint = {arXiv:1611.07995},
  HowPublished = {Quantum Information and Computation, 3(2):175–185, 2003},
}

@article{
  takahashi2009,
  Author = {Yasuhiro Takahashi and Seiichiro Tani and Noboru Kunihiro},
  Title = {\href{https://arxiv.org/abs/0910.2530}{Quantum Addition Circuits and Unbounded Fan-Out}},
  Year = {2009},
  Eprint = {arXiv:0910.2530},
  Howpublished = {Quantum Information and Computation, Vol. 10, No. 9&10, (2010) 0872-0890},
}

@article{
  takahashi2005,
  Author = {Yasuhiro Takahashi and Noboru Kunihiro},
  Title = {\href{http://dl.acm.org/citation.cfm?id=2011672}{A linear-size quantum circuit for addition with no ancillary qubits}},
  Year = {2005},
  Howpublished = {Quantum Information and Computation, 5(6):440–448},
}

@ONLINE{
  gidney2015,
  Author = {Craig Gidney},
  Title = {\href{http://cs.stackexchange.com/a/44292/535}{StackExchange: Creating bigger controlled nots from single qubit, toffoli, and cnot gates, without workspace}},
  Year = 2015,
}

@article{beckman1996,
  doi = {10.1103/physreva.54.1034},
  url = {https://doi.org/10.1103/physreva.54.1034},
  year  = {1996},
  month = {aug},
  publisher = {American Physical Society ({APS})},
  volume = {54},
  number = {2},
  pages = {1034--1063},
  author = {David Beckman and Amalavoyal N. Chari and Srikrishna Devabhaktuni and John Preskill},
  title = {\href{https://arxiv.org/abs/quant-ph/9602016}{Efficient networks for quantum factoring}},
  journal = {Physical Review A}
}

@article{vedral1996,
  doi = {10.1103/physreva.54.147},
  url = {https://doi.org/10.1103/physreva.54.147},
  year  = {1996},
  month = {jul},
  publisher = {American Physical Society ({APS})},
  volume = {54},
  Eprint = {quant-ph/9511018},
  Eprinttype = {arXiv},
  number = {1},
  pages = {147--153},
  author = {Vlatko Vedral and Adriano Barenco and Artur Ekert},
  title = {\href{http://journals.aps.org/pra/abstract/10.1103/PhysRevA.54.147}{Quantum Networks for Elementary Arithmetic Operations}},
  journal = {Physical Review A}
}

@inproceedings{furer2007,
  doi = {10.1145/1250790.1250800},
  url = {https://doi.org/10.1145/1250790.1250800},
  year  = {2007},
  publisher = {{ACM} Press},
  author = {Martin F\"{u}rer},
  title = {\href{https://doi.org/10.1145/1250790.1250800}{Faster integer multiplication}},
  booktitle = {Proceedings of the thirty-ninth annual ACM symposium on Theory of computing - STOC '07}
}

@article{fowler2004,
  Author = {Austin G. Fowler and Simon J. Devitt and Lloyd C. L. Hollenberg},
  Title = {Implementation of Shor's Algorithm on a Linear Nearest Neighbour Qubit Array},
  Year = {2004},
  Eprint = {arXiv:quant-ph/0402196},
  Howpublished = {Quant. Info. Comput. 4, 237-251 (2004)},
}

@online{kutin2006,
  Author = {Samuel A. Kutin},
  Title = {\href{https://arxiv.org/abs/quant-ph/0609001}{Shor's algorithm on a nearest-neighbor machine}},
  Year = {2006},
  Eprint = {quant-ph/0609001},
  Eprinttype = {arXiv},
}

@article{shor1999,
  doi = {10.1137/s0036144598347011},
  url = {https://doi.org/10.1137%2Fs0036144598347011},
  year  = {1999},
  month = {jan},
  publisher = {Society for Industrial {\&} Applied Mathematics ({SIAM})},
  volume = {41},
  number = {2},
  pages = {303--332},
  author = {Peter W. Shor},
  title = {\href{https://doi.org/10.1137%2Fs0036144598347011}{Polynomial-Time Algorithms for Prime Factorization and Discrete Logarithms on a Quantum Computer}},
  journal = {{SIAM} Review}
}

@article{barenco1995,
  doi = {10.1103/physreva.52.3457},
  url = {https://doi.org/10.1103%2Fphysreva.52.3457},
  year  = {1995},
  month = {nov},
  publisher = {American Physical Society ({APS})},
  volume = {52},
  number = {5},
  pages = {3457--3467},
  author = {Adriano Barenco and Charles H. Bennett and Richard Cleve and David P. DiVincenzo and Norman Margolus and Peter Shor and Tycho Sleator and John A. Smolin and Harald Weinfurter},
  title = {\href{https://arxiv.org/abs/quant-ph/9503016}{Elementary gates for quantum computation}},
  journal = {Physical Review A}
}

@standard{c11,
  title = {\href{https://www.iso.org/standard/57853.html}{{ISO}/{IEC} 9899:2011 ({C}11 {S}tandard)}},
  month = {\S 3.4.3},
  year  = {undefined behavior},
  author = {International Organization for Standardization},
}

@online{zalka1998,
  Author = {Christof Zalka},
  Title = {\href{https://arxiv.org/abs/quant-ph/9806084}{Fast versions of Shor's quantum factoring algorithm}},
  Year = {1998},
  Eprint = {quant-ph/9806084},
  Eprinttype = {arXiv},
}

@misc{zalka2006,
  Author = {Christof Zalka},
  Title = {Shor's algorithm with fewer (pure) qubits},
  Year = {2006},
  Eprint = {arXiv:quant-ph/0601097},
}

@incollection{mosca1999,
  doi = {10.1007/3-540-49208-9_15},
  url = {https://doi.org/10.1007/3-540-49208-9_15},
  year  = {1999},
  publisher = {Springer Berlin Heidelberg},
  pages = {174--188},
  author = {Michele Mosca and Artur Ekert},
  title = {\href{https://arxiv.org/abs/quant-ph/9903071}{The Hidden Subgroup Problem and Eigenvalue Estimation on a Quantum Computer}},
  booktitle = {Quantum Computing and Quantum Communications},
  Eprint = {quant-ph/9903071},
  Eprinttype = {arXiv},
}

@article{parker2000,
  doi = {10.1103/physrevlett.85.3049},
  url = {https://doi.org/10.1103/physrevlett.85.3049},
  year  = {2000},
  month = {oct},
  publisher = {American Physical Society ({APS})},
  volume = {85},
  number = {14},
  pages = {3049--3052},
  author = {S. Parker and M. B. Plenio},
  title = {\href{https://arxiv.org/abs/quant-ph/0001066}{Efficient Factorization with a Single Pure Qubit and log N Mixed Qubits}},
  journal = {Physical Review Letters}
}

